%YAML 1.1
%TAG !u! tag:unity3d.com,2011:
--- !u!1 &2506588395590589418
GameObject:
  m_ObjectHideFlags: 0
  m_CorrespondingSourceObject: {fileID: 0}
  m_PrefabInstance: {fileID: 0}
  m_PrefabAsset: {fileID: 0}
  serializedVersion: 6
  m_Component:
  - component: {fileID: 2776890983907665620}
  - component: {fileID: 5253930175973843732}
  - component: {fileID: 8663063540707889201}
  - component: {fileID: 6378077075404210152}
  - component: {fileID: 734771804927810280}
  - component: {fileID: 771627228215179730}
  m_Layer: 5
  m_Name: Lock
  m_TagString: Untagged
  m_Icon: {fileID: 0}
  m_NavMeshLayer: 0
  m_StaticEditorFlags: 0
  m_IsActive: 0
--- !u!224 &2776890983907665620
RectTransform:
  m_ObjectHideFlags: 0
  m_CorrespondingSourceObject: {fileID: 0}
  m_PrefabInstance: {fileID: 0}
  m_PrefabAsset: {fileID: 0}
  m_GameObject: {fileID: 2506588395590589418}
  m_LocalRotation: {x: 0, y: 0, z: 0, w: 1}
  m_LocalPosition: {x: 0, y: 0, z: 0}
  m_LocalScale: {x: 3, y: 3, z: 1}
  m_Children: []
  m_Father: {fileID: 8684689153420037440}
  m_RootOrder: 4
  m_LocalEulerAnglesHint: {x: 0, y: 0, z: 0}
  m_AnchorMin: {x: 0.5, y: 0.5}
  m_AnchorMax: {x: 0.5, y: 0.5}
  m_AnchoredPosition: {x: 0, y: 0}
  m_SizeDelta: {x: 100, y: 100}
  m_Pivot: {x: 0.5, y: 0.5}
--- !u!222 &5253930175973843732
CanvasRenderer:
  m_ObjectHideFlags: 0
  m_CorrespondingSourceObject: {fileID: 0}
  m_PrefabInstance: {fileID: 0}
  m_PrefabAsset: {fileID: 0}
  m_GameObject: {fileID: 2506588395590589418}
  m_CullTransparentMesh: 0
--- !u!114 &8663063540707889201
MonoBehaviour:
  m_ObjectHideFlags: 0
  m_CorrespondingSourceObject: {fileID: 0}
  m_PrefabInstance: {fileID: 0}
  m_PrefabAsset: {fileID: 0}
  m_GameObject: {fileID: 2506588395590589418}
  m_Enabled: 1
  m_EditorHideFlags: 0
  m_Script: {fileID: 11500000, guid: fe87c0e1cc204ed48ad3b37840f39efc, type: 3}
  m_Name: 
  m_EditorClassIdentifier: 
  m_Material: {fileID: 0}
  m_Color: {r: 1, g: 1, b: 1, a: 1}
  m_RaycastTarget: 0
  m_RaycastPadding: {x: 0, y: 0, z: 0, w: 0}
  m_Maskable: 1
  m_OnCullStateChanged:
    m_PersistentCalls:
      m_Calls: []
  m_Sprite: {fileID: 21300000, guid: e2557436b42777b41998d847c0f80c0e, type: 3}
  m_Type: 0
  m_PreserveAspect: 1
  m_FillCenter: 1
  m_FillMethod: 4
  m_FillAmount: 1
  m_FillClockwise: 1
  m_FillOrigin: 0
  m_UseSpriteMesh: 1
  m_PixelsPerUnitMultiplier: 1
--- !u!95 &6378077075404210152
Animator:
  serializedVersion: 3
  m_ObjectHideFlags: 0
  m_CorrespondingSourceObject: {fileID: 0}
  m_PrefabInstance: {fileID: 0}
  m_PrefabAsset: {fileID: 0}
  m_GameObject: {fileID: 2506588395590589418}
  m_Enabled: 0
  m_Avatar: {fileID: 0}
  m_Controller: {fileID: 9100000, guid: 4514107d94bf1e841a4ec42c7fe6f86a, type: 2}
  m_CullingMode: 0
  m_UpdateMode: 0
  m_ApplyRootMotion: 0
  m_LinearVelocityBlending: 0
  m_WarningMessage: 
  m_HasTransformHierarchy: 1
  m_AllowConstantClipSamplingOptimization: 1
  m_KeepAnimatorControllerStateOnDisable: 0
--- !u!114 &734771804927810280
MonoBehaviour:
  m_ObjectHideFlags: 0
  m_CorrespondingSourceObject: {fileID: 0}
  m_PrefabInstance: {fileID: 0}
  m_PrefabAsset: {fileID: 0}
  m_GameObject: {fileID: 2506588395590589418}
  m_Enabled: 1
  m_EditorHideFlags: 0
  m_Script: {fileID: 11500000, guid: 2c3981b47150ed2499bb42a6e687ccc1, type: 3}
  m_Name: 
  m_EditorClassIdentifier: 
  aSource: {fileID: 771627228215179730}
--- !u!82 &771627228215179730
AudioSource:
  m_ObjectHideFlags: 0
  m_CorrespondingSourceObject: {fileID: 0}
  m_PrefabInstance: {fileID: 0}
  m_PrefabAsset: {fileID: 0}
  m_GameObject: {fileID: 2506588395590589418}
  m_Enabled: 1
  serializedVersion: 4
  OutputAudioMixerGroup: {fileID: 0}
  m_audioClip: {fileID: 8300000, guid: f89867534c0cd8b4cbea9300e4de1e8d, type: 3}
  m_PlayOnAwake: 0
  m_Volume: 0.7
  m_Pitch: 0.8
  Loop: 0
  Mute: 0
  Spatialize: 0
  SpatializePostEffects: 0
  Priority: 128
  DopplerLevel: 1
  MinDistance: 1
  MaxDistance: 500
  Pan2D: 0
  rolloffMode: 0
  BypassEffects: 0
  BypassListenerEffects: 0
  BypassReverbZones: 0
  rolloffCustomCurve:
    serializedVersion: 2
    m_Curve:
    - serializedVersion: 3
      time: 0
      value: 1
      inSlope: 0
      outSlope: 0
      tangentMode: 0
      weightedMode: 0
      inWeight: 0.33333334
      outWeight: 0.33333334
    - serializedVersion: 3
      time: 1
      value: 0
      inSlope: 0
      outSlope: 0
      tangentMode: 0
      weightedMode: 0
      inWeight: 0.33333334
      outWeight: 0.33333334
    m_PreInfinity: 2
    m_PostInfinity: 2
    m_RotationOrder: 4
  panLevelCustomCurve:
    serializedVersion: 2
    m_Curve:
    - serializedVersion: 3
      time: 0
      value: 0
      inSlope: 0
      outSlope: 0
      tangentMode: 0
      weightedMode: 0
      inWeight: 0.33333334
      outWeight: 0.33333334
    m_PreInfinity: 2
    m_PostInfinity: 2
    m_RotationOrder: 4
  spreadCustomCurve:
    serializedVersion: 2
    m_Curve:
    - serializedVersion: 3
      time: 0
      value: 0
      inSlope: 0
      outSlope: 0
      tangentMode: 0
      weightedMode: 0
      inWeight: 0.33333334
      outWeight: 0.33333334
    m_PreInfinity: 2
    m_PostInfinity: 2
    m_RotationOrder: 4
  reverbZoneMixCustomCurve:
    serializedVersion: 2
    m_Curve:
    - serializedVersion: 3
      time: 0
      value: 1
      inSlope: 0
      outSlope: 0
      tangentMode: 0
      weightedMode: 0
      inWeight: 0.33333334
      outWeight: 0.33333334
    m_PreInfinity: 2
    m_PostInfinity: 2
    m_RotationOrder: 4
--- !u!1 &8684689153420037443
GameObject:
  m_ObjectHideFlags: 0
  m_CorrespondingSourceObject: {fileID: 0}
  m_PrefabInstance: {fileID: 0}
  m_PrefabAsset: {fileID: 0}
  serializedVersion: 6
  m_Component:
  - component: {fileID: 8684689153420037440}
  - component: {fileID: 8684689153420037454}
  - component: {fileID: 8684689153420037441}
  - component: {fileID: 8684689153420037452}
  - component: {fileID: 8684689153420037455}
  - component: {fileID: 2484618843746421858}
  - component: {fileID: 7517559900272884722}
  m_Layer: 5
  m_Name: LVLPanel
  m_TagString: Untagged
  m_Icon: {fileID: 0}
  m_NavMeshLayer: 0
  m_StaticEditorFlags: 0
  m_IsActive: 1
--- !u!224 &8684689153420037440
RectTransform:
  m_ObjectHideFlags: 0
  m_CorrespondingSourceObject: {fileID: 0}
  m_PrefabInstance: {fileID: 0}
  m_PrefabAsset: {fileID: 0}
  m_GameObject: {fileID: 8684689153420037443}
  m_LocalRotation: {x: 0, y: 0, z: 0, w: 1}
  m_LocalPosition: {x: 0, y: 0, z: 0}
  m_LocalScale: {x: 1.75, y: 1.75, z: 1}
  m_Children:
  - {fileID: 8684689155171361984}
  - {fileID: 2320614404671517679}
  - {fileID: 2320614406428337112}
  - {fileID: 8684689153443313693}
  - {fileID: 2776890983907665620}
  m_Father: {fileID: 0}
  m_RootOrder: 0
  m_LocalEulerAnglesHint: {x: 0, y: 0, z: 0}
  m_AnchorMin: {x: 0.5, y: 0.5}
  m_AnchorMax: {x: 0.5, y: 0.5}
  m_AnchoredPosition: {x: -500, y: 100}
  m_SizeDelta: {x: 166.66666, y: 255.55554}
  m_Pivot: {x: 0.5, y: 0.5}
--- !u!222 &8684689153420037454
CanvasRenderer:
  m_ObjectHideFlags: 0
  m_CorrespondingSourceObject: {fileID: 0}
  m_PrefabInstance: {fileID: 0}
  m_PrefabAsset: {fileID: 0}
  m_GameObject: {fileID: 8684689153420037443}
  m_CullTransparentMesh: 0
--- !u!114 &8684689153420037441
MonoBehaviour:
  m_ObjectHideFlags: 0
  m_CorrespondingSourceObject: {fileID: 0}
  m_PrefabInstance: {fileID: 0}
  m_PrefabAsset: {fileID: 0}
  m_GameObject: {fileID: 8684689153420037443}
  m_Enabled: 1
  m_EditorHideFlags: 0
  m_Script: {fileID: 11500000, guid: fe87c0e1cc204ed48ad3b37840f39efc, type: 3}
  m_Name: 
  m_EditorClassIdentifier: 
  m_Material: {fileID: 0}
  m_Color: {r: 1, g: 1, b: 1, a: 1}
  m_RaycastTarget: 1
  m_RaycastPadding: {x: 0, y: 0, z: 0, w: 0}
  m_Maskable: 1
  m_OnCullStateChanged:
    m_PersistentCalls:
      m_Calls: []
  m_Sprite: {fileID: 21300000, guid: cc011a78bf7f8c746a6daadfaa918ead, type: 3}
  m_Type: 0
  m_PreserveAspect: 0
  m_FillCenter: 1
  m_FillMethod: 4
  m_FillAmount: 1
  m_FillClockwise: 1
  m_FillOrigin: 0
  m_UseSpriteMesh: 0
  m_PixelsPerUnitMultiplier: 1
--- !u!114 &8684689153420037452
MonoBehaviour:
  m_ObjectHideFlags: 0
  m_CorrespondingSourceObject: {fileID: 0}
  m_PrefabInstance: {fileID: 0}
  m_PrefabAsset: {fileID: 0}
  m_GameObject: {fileID: 8684689153420037443}
  m_Enabled: 1
  m_EditorHideFlags: 0
  m_Script: {fileID: 11500000, guid: d0b148fe25e99eb48b9724523833bab1, type: 3}
  m_Name: 
  m_EditorClassIdentifier: 
  m_Delegates:
  - eventID: 0
    callback:
      m_PersistentCalls:
        m_Calls:
        - m_Target: {fileID: 2484618843746421858}
          m_TargetAssemblyTypeName: LvLPanel, Assembly-CSharp
          m_MethodName: SelectPanel
          m_Mode: 1
          m_Arguments:
            m_ObjectArgument: {fileID: 0}
            m_ObjectArgumentAssemblyTypeName: UnityEngine.Object, UnityEngine
            m_IntArgument: 0
            m_FloatArgument: 0
            m_StringArgument: 
            m_BoolArgument: 0
          m_CallState: 2
  - eventID: 1
    callback:
      m_PersistentCalls:
        m_Calls:
        - m_Target: {fileID: 2484618843746421858}
          m_TargetAssemblyTypeName: LvLPanel, Assembly-CSharp
          m_MethodName: UnselectPanel
          m_Mode: 1
          m_Arguments:
            m_ObjectArgument: {fileID: 0}
            m_ObjectArgumentAssemblyTypeName: UnityEngine.Object, UnityEngine
            m_IntArgument: 0
            m_FloatArgument: 0
            m_StringArgument: 
            m_BoolArgument: 0
          m_CallState: 2
  - eventID: 4
    callback:
      m_PersistentCalls:
        m_Calls:
        - m_Target: {fileID: 2484618843746421858}
          m_TargetAssemblyTypeName: LvLPanel, Assembly-CSharp
          m_MethodName: ClickOnPanel
          m_Mode: 1
          m_Arguments:
            m_ObjectArgument: {fileID: 0}
            m_ObjectArgumentAssemblyTypeName: UnityEngine.Object, UnityEngine
            m_IntArgument: 0
            m_FloatArgument: 0
            m_StringArgument: 
            m_BoolArgument: 0
          m_CallState: 2
        - m_Target: {fileID: 2484618843746421858}
          m_TargetAssemblyTypeName: LvLPanel, Assembly-CSharp
          m_MethodName: ShowConfirmPanel
          m_Mode: 1
          m_Arguments:
            m_ObjectArgument: {fileID: 0}
            m_ObjectArgumentAssemblyTypeName: UnityEngine.Object, UnityEngine
            m_IntArgument: 0
            m_FloatArgument: 0
            m_StringArgument: 
            m_BoolArgument: 0
          m_CallState: 2
        - m_Target: {fileID: 2484618843746421858}
          m_TargetAssemblyTypeName: LvLPanel, Assembly-CSharp
          m_MethodName: CannotSelect
          m_Mode: 1
          m_Arguments:
            m_ObjectArgument: {fileID: 0}
            m_ObjectArgumentAssemblyTypeName: UnityEngine.Object, UnityEngine
            m_IntArgument: 0
            m_FloatArgument: 0
            m_StringArgument: 
            m_BoolArgument: 0
          m_CallState: 2
--- !u!95 &8684689153420037455
Animator:
  serializedVersion: 3
  m_ObjectHideFlags: 0
  m_CorrespondingSourceObject: {fileID: 0}
  m_PrefabInstance: {fileID: 0}
  m_PrefabAsset: {fileID: 0}
  m_GameObject: {fileID: 8684689153420037443}
  m_Enabled: 1
  m_Avatar: {fileID: 0}
  m_Controller: {fileID: 9100000, guid: 548b7f9223aa53d408ce8057b46feb6e, type: 2}
  m_CullingMode: 0
  m_UpdateMode: 0
  m_ApplyRootMotion: 0
  m_LinearVelocityBlending: 0
  m_WarningMessage: 
  m_HasTransformHierarchy: 1
  m_AllowConstantClipSamplingOptimization: 1
  m_KeepAnimatorControllerStateOnDisable: 0
--- !u!114 &2484618843746421858
MonoBehaviour:
  m_ObjectHideFlags: 0
  m_CorrespondingSourceObject: {fileID: 0}
  m_PrefabInstance: {fileID: 0}
  m_PrefabAsset: {fileID: 0}
  m_GameObject: {fileID: 8684689153420037443}
  m_Enabled: 1
  m_EditorHideFlags: 0
  m_Script: {fileID: 11500000, guid: 2ef1db810da809b439b0eaeb5a6e8566, type: 3}
  m_Name: 
  m_EditorClassIdentifier: 
  anim: {fileID: 8684689153420037455}
  locked: 0
  doNotUnlock: 0
  canSelect: 0
  played: 0
  numberTxt: {fileID: 8684689153443313692}
  lockImage: {fileID: 2506588395590589418}
  starAnimator:
  - {fileID: 8684689155171361985}
  - {fileID: 2320614404671517678}
  - {fileID: 2320614406428337113}
  lvlName: 
  stageIndex: 0
  showIntroduction: 0
  stageTime: 0
  eTrigger: {fileID: 8684689153420037452}
  starScore: 000000000000000000000000
  stData:
    enabledStars: 0
    finalScore: 0
    timeValue: 0
    rubyAmount: 0
    diamondAmount: 0
  tmpPersist: {fileID: 0}
--- !u!61 &7517559900272884722
BoxCollider2D:
  m_ObjectHideFlags: 0
  m_CorrespondingSourceObject: {fileID: 0}
  m_PrefabInstance: {fileID: 0}
  m_PrefabAsset: {fileID: 0}
  m_GameObject: {fileID: 8684689153420037443}
  m_Enabled: 0
  m_Density: 1
  m_Material: {fileID: 0}
  m_IsTrigger: 1
  m_UsedByEffector: 0
  m_UsedByComposite: 0
  m_Offset: {x: 0, y: 0}
  m_SpriteTilingProperty:
    border: {x: 0, y: 0, z: 0, w: 0}
    pivot: {x: 0, y: 0}
    oldSize: {x: 0, y: 0}
    newSize: {x: 0, y: 0}
    adaptiveTilingThreshold: 0
    drawMode: 0
    adaptiveTiling: 0
  m_AutoTiling: 0
  serializedVersion: 2
  m_Size: {x: 170, y: 250}
  m_EdgeRadius: 0
--- !u!1 &8684689153443313692
GameObject:
  m_ObjectHideFlags: 0
  m_CorrespondingSourceObject: {fileID: 0}
  m_PrefabInstance: {fileID: 0}
  m_PrefabAsset: {fileID: 0}
  serializedVersion: 6
  m_Component:
  - component: {fileID: 8684689153443313693}
  - component: {fileID: 8684689153443313691}
  - component: {fileID: 8684689153443313690}
  m_Layer: 5
  m_Name: NumberTXT
  m_TagString: Untagged
  m_Icon: {fileID: 0}
  m_NavMeshLayer: 0
  m_StaticEditorFlags: 0
  m_IsActive: 1
--- !u!224 &8684689153443313693
RectTransform:
  m_ObjectHideFlags: 0
  m_CorrespondingSourceObject: {fileID: 0}
  m_PrefabInstance: {fileID: 0}
  m_PrefabAsset: {fileID: 0}
  m_GameObject: {fileID: 8684689153443313692}
  m_LocalRotation: {x: -0, y: -0, z: -0, w: 1}
  m_LocalPosition: {x: 0, y: 0, z: 0}
  m_LocalScale: {x: 0.16666666, y: 0.16666666, z: 1}
  m_Children: []
  m_Father: {fileID: 8684689153420037440}
  m_RootOrder: 3
  m_LocalEulerAnglesHint: {x: 0, y: 0, z: 0}
  m_AnchorMin: {x: 0.5, y: 0.5}
  m_AnchorMax: {x: 0.5, y: 0.5}
  m_AnchoredPosition: {x: 0, y: 30}
  m_SizeDelta: {x: 5000, y: 3000}
  m_Pivot: {x: 0.5, y: 0.5}
--- !u!222 &8684689153443313691
CanvasRenderer:
  m_ObjectHideFlags: 0
  m_CorrespondingSourceObject: {fileID: 0}
  m_PrefabInstance: {fileID: 0}
  m_PrefabAsset: {fileID: 0}
  m_GameObject: {fileID: 8684689153443313692}
  m_CullTransparentMesh: 0
--- !u!114 &8684689153443313690
MonoBehaviour:
  m_ObjectHideFlags: 0
  m_CorrespondingSourceObject: {fileID: 0}
  m_PrefabInstance: {fileID: 0}
  m_PrefabAsset: {fileID: 0}
  m_GameObject: {fileID: 8684689153443313692}
  m_Enabled: 1
  m_EditorHideFlags: 0
  m_Script: {fileID: 11500000, guid: 5f7201a12d95ffc409449d95f23cf332, type: 3}
  m_Name: 
  m_EditorClassIdentifier: 
  m_Material: {fileID: 0}
  m_Color: {r: 0.5943396, g: 0.18507446, b: 0, a: 1}
  m_RaycastTarget: 0
  m_RaycastPadding: {x: 0, y: 0, z: 0, w: 0}
  m_Maskable: 1
  m_OnCullStateChanged:
    m_PersistentCalls:
      m_Calls: []
  m_FontData:
    m_Font: {fileID: 12800000, guid: 99c8b5a4ab0a0fb489a851d7dd7bb9fb, type: 3}
    m_FontSize: 300
    m_FontStyle: 0
    m_BestFit: 0
    m_MinSize: 1
    m_MaxSize: 300
    m_Alignment: 4
    m_AlignByGeometry: 0
    m_RichText: 1
    m_HorizontalOverflow: 0
    m_VerticalOverflow: 0
    m_LineSpacing: 1
  m_Text: 1
--- !u!1001 &2320614405080749168
PrefabInstance:
  m_ObjectHideFlags: 0
  serializedVersion: 2
  m_Modification:
    m_TransformParent: {fileID: 8684689153420037440}
    m_Modifications:
    - target: {fileID: 6391254678110417072, guid: 65bd18d621324a14d88de0bbd554aaa8,
        type: 3}
      propertyPath: m_Pivot.x
      value: 0.5
      objectReference: {fileID: 0}
    - target: {fileID: 6391254678110417072, guid: 65bd18d621324a14d88de0bbd554aaa8,
        type: 3}
      propertyPath: m_Pivot.y
      value: 0.5
      objectReference: {fileID: 0}
    - target: {fileID: 6391254678110417072, guid: 65bd18d621324a14d88de0bbd554aaa8,
        type: 3}
      propertyPath: m_RootOrder
      value: 0
      objectReference: {fileID: 0}
    - target: {fileID: 6391254678110417072, guid: 65bd18d621324a14d88de0bbd554aaa8,
        type: 3}
      propertyPath: m_AnchorMax.x
      value: 0.5
      objectReference: {fileID: 0}
    - target: {fileID: 6391254678110417072, guid: 65bd18d621324a14d88de0bbd554aaa8,
        type: 3}
      propertyPath: m_AnchorMax.y
      value: 0.5
      objectReference: {fileID: 0}
    - target: {fileID: 6391254678110417072, guid: 65bd18d621324a14d88de0bbd554aaa8,
        type: 3}
      propertyPath: m_AnchorMin.x
      value: 0.5
      objectReference: {fileID: 0}
    - target: {fileID: 6391254678110417072, guid: 65bd18d621324a14d88de0bbd554aaa8,
        type: 3}
      propertyPath: m_AnchorMin.y
      value: 0.5
      objectReference: {fileID: 0}
    - target: {fileID: 6391254678110417072, guid: 65bd18d621324a14d88de0bbd554aaa8,
        type: 3}
      propertyPath: m_SizeDelta.x
      value: 80
      objectReference: {fileID: 0}
    - target: {fileID: 6391254678110417072, guid: 65bd18d621324a14d88de0bbd554aaa8,
        type: 3}
      propertyPath: m_SizeDelta.y
      value: 80
      objectReference: {fileID: 0}
    - target: {fileID: 6391254678110417072, guid: 65bd18d621324a14d88de0bbd554aaa8,
        type: 3}
      propertyPath: m_LocalPosition.x
      value: 0
      objectReference: {fileID: 0}
    - target: {fileID: 6391254678110417072, guid: 65bd18d621324a14d88de0bbd554aaa8,
        type: 3}
      propertyPath: m_LocalPosition.y
      value: 0
      objectReference: {fileID: 0}
    - target: {fileID: 6391254678110417072, guid: 65bd18d621324a14d88de0bbd554aaa8,
        type: 3}
      propertyPath: m_LocalPosition.z
      value: 0
      objectReference: {fileID: 0}
    - target: {fileID: 6391254678110417072, guid: 65bd18d621324a14d88de0bbd554aaa8,
        type: 3}
      propertyPath: m_LocalRotation.w
      value: 1
      objectReference: {fileID: 0}
    - target: {fileID: 6391254678110417072, guid: 65bd18d621324a14d88de0bbd554aaa8,
        type: 3}
      propertyPath: m_LocalRotation.x
      value: 0
      objectReference: {fileID: 0}
    - target: {fileID: 6391254678110417072, guid: 65bd18d621324a14d88de0bbd554aaa8,
        type: 3}
      propertyPath: m_LocalRotation.y
      value: 0
      objectReference: {fileID: 0}
    - target: {fileID: 6391254678110417072, guid: 65bd18d621324a14d88de0bbd554aaa8,
        type: 3}
      propertyPath: m_LocalRotation.z
      value: 0
      objectReference: {fileID: 0}
    - target: {fileID: 6391254678110417072, guid: 65bd18d621324a14d88de0bbd554aaa8,
        type: 3}
      propertyPath: m_AnchoredPosition.x
      value: -40
      objectReference: {fileID: 0}
    - target: {fileID: 6391254678110417072, guid: 65bd18d621324a14d88de0bbd554aaa8,
        type: 3}
      propertyPath: m_AnchoredPosition.y
      value: -83.5
      objectReference: {fileID: 0}
    - target: {fileID: 6391254678110417072, guid: 65bd18d621324a14d88de0bbd554aaa8,
        type: 3}
      propertyPath: m_LocalEulerAnglesHint.x
      value: 0
      objectReference: {fileID: 0}
    - target: {fileID: 6391254678110417072, guid: 65bd18d621324a14d88de0bbd554aaa8,
        type: 3}
      propertyPath: m_LocalEulerAnglesHint.y
      value: 0
      objectReference: {fileID: 0}
    - target: {fileID: 6391254678110417072, guid: 65bd18d621324a14d88de0bbd554aaa8,
        type: 3}
      propertyPath: m_LocalEulerAnglesHint.z
      value: 0
      objectReference: {fileID: 0}
    - target: {fileID: 6391254678110417073, guid: 65bd18d621324a14d88de0bbd554aaa8,
        type: 3}
      propertyPath: m_Enabled
      value: 0
      objectReference: {fileID: 0}
    - target: {fileID: 6391254678110417075, guid: 65bd18d621324a14d88de0bbd554aaa8,
        type: 3}
      propertyPath: m_Name
      value: Star1
      objectReference: {fileID: 0}
    - target: {fileID: 6391254678110417086, guid: 65bd18d621324a14d88de0bbd554aaa8,
        type: 3}
      propertyPath: m_RaycastTarget
      value: 0
      objectReference: {fileID: 0}
    m_RemovedComponents: []
  m_SourcePrefab: {fileID: 100100000, guid: 65bd18d621324a14d88de0bbd554aaa8, type: 3}
--- !u!224 &8684689155171361984 stripped
RectTransform:
  m_CorrespondingSourceObject: {fileID: 6391254678110417072, guid: 65bd18d621324a14d88de0bbd554aaa8,
    type: 3}
  m_PrefabInstance: {fileID: 2320614405080749168}
  m_PrefabAsset: {fileID: 0}
--- !u!95 &8684689155171361985 stripped
Animator:
  m_CorrespondingSourceObject: {fileID: 6391254678110417073, guid: 65bd18d621324a14d88de0bbd554aaa8,
    type: 3}
  m_PrefabInstance: {fileID: 2320614405080749168}
  m_PrefabAsset: {fileID: 0}
--- !u!1001 &8684689153818071912
PrefabInstance:
  m_ObjectHideFlags: 0
  serializedVersion: 2
  m_Modification:
    m_TransformParent: {fileID: 8684689153420037440}
    m_Modifications:
    - target: {fileID: 6391254678110417072, guid: 65bd18d621324a14d88de0bbd554aaa8,
        type: 3}
      propertyPath: m_Pivot.x
      value: 0.5
      objectReference: {fileID: 0}
    - target: {fileID: 6391254678110417072, guid: 65bd18d621324a14d88de0bbd554aaa8,
        type: 3}
      propertyPath: m_Pivot.y
      value: 0.5
      objectReference: {fileID: 0}
    - target: {fileID: 6391254678110417072, guid: 65bd18d621324a14d88de0bbd554aaa8,
        type: 3}
      propertyPath: m_RootOrder
      value: 2
      objectReference: {fileID: 0}
    - target: {fileID: 6391254678110417072, guid: 65bd18d621324a14d88de0bbd554aaa8,
        type: 3}
      propertyPath: m_AnchorMax.x
      value: 0.5
      objectReference: {fileID: 0}
    - target: {fileID: 6391254678110417072, guid: 65bd18d621324a14d88de0bbd554aaa8,
        type: 3}
      propertyPath: m_AnchorMax.y
      value: 0.5
      objectReference: {fileID: 0}
    - target: {fileID: 6391254678110417072, guid: 65bd18d621324a14d88de0bbd554aaa8,
        type: 3}
      propertyPath: m_AnchorMin.x
      value: 0.5
      objectReference: {fileID: 0}
    - target: {fileID: 6391254678110417072, guid: 65bd18d621324a14d88de0bbd554aaa8,
        type: 3}
      propertyPath: m_AnchorMin.y
      value: 0.5
      objectReference: {fileID: 0}
    - target: {fileID: 6391254678110417072, guid: 65bd18d621324a14d88de0bbd554aaa8,
        type: 3}
      propertyPath: m_SizeDelta.x
      value: 80
      objectReference: {fileID: 0}
    - target: {fileID: 6391254678110417072, guid: 65bd18d621324a14d88de0bbd554aaa8,
        type: 3}
      propertyPath: m_SizeDelta.y
      value: 80
      objectReference: {fileID: 0}
    - target: {fileID: 6391254678110417072, guid: 65bd18d621324a14d88de0bbd554aaa8,
        type: 3}
      propertyPath: m_LocalPosition.x
      value: 0
      objectReference: {fileID: 0}
    - target: {fileID: 6391254678110417072, guid: 65bd18d621324a14d88de0bbd554aaa8,
        type: 3}
      propertyPath: m_LocalPosition.y
      value: 0
      objectReference: {fileID: 0}
    - target: {fileID: 6391254678110417072, guid: 65bd18d621324a14d88de0bbd554aaa8,
        type: 3}
      propertyPath: m_LocalPosition.z
      value: 0
      objectReference: {fileID: 0}
    - target: {fileID: 6391254678110417072, guid: 65bd18d621324a14d88de0bbd554aaa8,
        type: 3}
      propertyPath: m_LocalRotation.w
      value: 1
      objectReference: {fileID: 0}
    - target: {fileID: 6391254678110417072, guid: 65bd18d621324a14d88de0bbd554aaa8,
        type: 3}
      propertyPath: m_LocalRotation.x
      value: 0
      objectReference: {fileID: 0}
    - target: {fileID: 6391254678110417072, guid: 65bd18d621324a14d88de0bbd554aaa8,
        type: 3}
      propertyPath: m_LocalRotation.y
      value: 0
      objectReference: {fileID: 0}
    - target: {fileID: 6391254678110417072, guid: 65bd18d621324a14d88de0bbd554aaa8,
        type: 3}
      propertyPath: m_LocalRotation.z
      value: 0
      objectReference: {fileID: 0}
    - target: {fileID: 6391254678110417072, guid: 65bd18d621324a14d88de0bbd554aaa8,
        type: 3}
      propertyPath: m_AnchoredPosition.x
      value: 40
      objectReference: {fileID: 0}
    - target: {fileID: 6391254678110417072, guid: 65bd18d621324a14d88de0bbd554aaa8,
        type: 3}
      propertyPath: m_AnchoredPosition.y
      value: -83.5
      objectReference: {fileID: 0}
    - target: {fileID: 6391254678110417072, guid: 65bd18d621324a14d88de0bbd554aaa8,
        type: 3}
      propertyPath: m_LocalEulerAnglesHint.x
      value: 0
      objectReference: {fileID: 0}
    - target: {fileID: 6391254678110417072, guid: 65bd18d621324a14d88de0bbd554aaa8,
        type: 3}
      propertyPath: m_LocalEulerAnglesHint.y
      value: 0
      objectReference: {fileID: 0}
    - target: {fileID: 6391254678110417072, guid: 65bd18d621324a14d88de0bbd554aaa8,
        type: 3}
      propertyPath: m_LocalEulerAnglesHint.z
      value: 0
      objectReference: {fileID: 0}
    - target: {fileID: 6391254678110417073, guid: 65bd18d621324a14d88de0bbd554aaa8,
        type: 3}
      propertyPath: m_Enabled
      value: 0
      objectReference: {fileID: 0}
    - target: {fileID: 6391254678110417075, guid: 65bd18d621324a14d88de0bbd554aaa8,
        type: 3}
      propertyPath: m_Name
      value: Star3
      objectReference: {fileID: 0}
    - target: {fileID: 6391254678110417086, guid: 65bd18d621324a14d88de0bbd554aaa8,
        type: 3}
      propertyPath: m_RaycastTarget
      value: 0
      objectReference: {fileID: 0}
    m_RemovedComponents: []
  m_SourcePrefab: {fileID: 100100000, guid: 65bd18d621324a14d88de0bbd554aaa8, type: 3}
--- !u!224 &2320614406428337112 stripped
RectTransform:
  m_CorrespondingSourceObject: {fileID: 6391254678110417072, guid: 65bd18d621324a14d88de0bbd554aaa8,
    type: 3}
  m_PrefabInstance: {fileID: 8684689153818071912}
  m_PrefabAsset: {fileID: 0}
--- !u!95 &2320614406428337113 stripped
Animator:
  m_CorrespondingSourceObject: {fileID: 6391254678110417073, guid: 65bd18d621324a14d88de0bbd554aaa8,
    type: 3}
  m_PrefabInstance: {fileID: 8684689153818071912}
  m_PrefabAsset: {fileID: 0}
--- !u!1001 &8684689155307504479
PrefabInstance:
  m_ObjectHideFlags: 0
  serializedVersion: 2
  m_Modification:
    m_TransformParent: {fileID: 8684689153420037440}
    m_Modifications:
    - target: {fileID: 6391254678110417072, guid: 65bd18d621324a14d88de0bbd554aaa8,
        type: 3}
      propertyPath: m_Pivot.x
      value: 0.5
      objectReference: {fileID: 0}
    - target: {fileID: 6391254678110417072, guid: 65bd18d621324a14d88de0bbd554aaa8,
        type: 3}
      propertyPath: m_Pivot.y
      value: 0.5
      objectReference: {fileID: 0}
    - target: {fileID: 6391254678110417072, guid: 65bd18d621324a14d88de0bbd554aaa8,
        type: 3}
      propertyPath: m_RootOrder
      value: 1
      objectReference: {fileID: 0}
    - target: {fileID: 6391254678110417072, guid: 65bd18d621324a14d88de0bbd554aaa8,
        type: 3}
      propertyPath: m_AnchorMax.x
      value: 0.5
      objectReference: {fileID: 0}
    - target: {fileID: 6391254678110417072, guid: 65bd18d621324a14d88de0bbd554aaa8,
        type: 3}
      propertyPath: m_AnchorMax.y
      value: 0.5
      objectReference: {fileID: 0}
    - target: {fileID: 6391254678110417072, guid: 65bd18d621324a14d88de0bbd554aaa8,
        type: 3}
      propertyPath: m_AnchorMin.x
      value: 0.5
      objectReference: {fileID: 0}
    - target: {fileID: 6391254678110417072, guid: 65bd18d621324a14d88de0bbd554aaa8,
        type: 3}
      propertyPath: m_AnchorMin.y
      value: 0.5
      objectReference: {fileID: 0}
    - target: {fileID: 6391254678110417072, guid: 65bd18d621324a14d88de0bbd554aaa8,
        type: 3}
      propertyPath: m_SizeDelta.x
      value: 80
      objectReference: {fileID: 0}
    - target: {fileID: 6391254678110417072, guid: 65bd18d621324a14d88de0bbd554aaa8,
        type: 3}
      propertyPath: m_SizeDelta.y
      value: 80
      objectReference: {fileID: 0}
    - target: {fileID: 6391254678110417072, guid: 65bd18d621324a14d88de0bbd554aaa8,
        type: 3}
      propertyPath: m_LocalPosition.x
      value: 0
      objectReference: {fileID: 0}
    - target: {fileID: 6391254678110417072, guid: 65bd18d621324a14d88de0bbd554aaa8,
        type: 3}
      propertyPath: m_LocalPosition.y
      value: 0
      objectReference: {fileID: 0}
    - target: {fileID: 6391254678110417072, guid: 65bd18d621324a14d88de0bbd554aaa8,
        type: 3}
      propertyPath: m_LocalPosition.z
      value: 0
      objectReference: {fileID: 0}
    - target: {fileID: 6391254678110417072, guid: 65bd18d621324a14d88de0bbd554aaa8,
        type: 3}
      propertyPath: m_LocalRotation.w
      value: 1
      objectReference: {fileID: 0}
    - target: {fileID: 6391254678110417072, guid: 65bd18d621324a14d88de0bbd554aaa8,
        type: 3}
      propertyPath: m_LocalRotation.x
      value: 0
      objectReference: {fileID: 0}
    - target: {fileID: 6391254678110417072, guid: 65bd18d621324a14d88de0bbd554aaa8,
        type: 3}
      propertyPath: m_LocalRotation.y
      value: 0
      objectReference: {fileID: 0}
    - target: {fileID: 6391254678110417072, guid: 65bd18d621324a14d88de0bbd554aaa8,
        type: 3}
      propertyPath: m_LocalRotation.z
      value: 0
      objectReference: {fileID: 0}
    - target: {fileID: 6391254678110417072, guid: 65bd18d621324a14d88de0bbd554aaa8,
        type: 3}
      propertyPath: m_AnchoredPosition.x
      value: 0
      objectReference: {fileID: 0}
    - target: {fileID: 6391254678110417072, guid: 65bd18d621324a14d88de0bbd554aaa8,
        type: 3}
      propertyPath: m_AnchoredPosition.y
      value: -83.5
      objectReference: {fileID: 0}
    - target: {fileID: 6391254678110417072, guid: 65bd18d621324a14d88de0bbd554aaa8,
        type: 3}
      propertyPath: m_LocalEulerAnglesHint.x
      value: 0
      objectReference: {fileID: 0}
    - target: {fileID: 6391254678110417072, guid: 65bd18d621324a14d88de0bbd554aaa8,
        type: 3}
      propertyPath: m_LocalEulerAnglesHint.y
      value: 0
      objectReference: {fileID: 0}
    - target: {fileID: 6391254678110417072, guid: 65bd18d621324a14d88de0bbd554aaa8,
        type: 3}
      propertyPath: m_LocalEulerAnglesHint.z
      value: 0
      objectReference: {fileID: 0}
    - target: {fileID: 6391254678110417073, guid: 65bd18d621324a14d88de0bbd554aaa8,
        type: 3}
      propertyPath: m_Enabled
      value: 0
      objectReference: {fileID: 0}
    - target: {fileID: 6391254678110417075, guid: 65bd18d621324a14d88de0bbd554aaa8,
        type: 3}
      propertyPath: m_Name
      value: Star2
      objectReference: {fileID: 0}
    - target: {fileID: 6391254678110417086, guid: 65bd18d621324a14d88de0bbd554aaa8,
        type: 3}
      propertyPath: m_RaycastTarget
      value: 0
      objectReference: {fileID: 0}
    m_RemovedComponents: []
  m_SourcePrefab: {fileID: 100100000, guid: 65bd18d621324a14d88de0bbd554aaa8, type: 3}
--- !u!224 &2320614404671517679 stripped
RectTransform:
  m_CorrespondingSourceObject: {fileID: 6391254678110417072, guid: 65bd18d621324a14d88de0bbd554aaa8,
    type: 3}
  m_PrefabInstance: {fileID: 8684689155307504479}
  m_PrefabAsset: {fileID: 0}
--- !u!95 &2320614404671517678 stripped
Animator:
  m_CorrespondingSourceObject: {fileID: 6391254678110417073, guid: 65bd18d621324a14d88de0bbd554aaa8,
    type: 3}
  m_PrefabInstance: {fileID: 8684689155307504479}
  m_PrefabAsset: {fileID: 0}
