%YAML 1.1
%TAG !u! tag:unity3d.com,2011:
--- !u!65 &970964880718461781
BoxCollider:
  m_ObjectHideFlags: 0
  m_CorrespondingSourceObject: {fileID: 0}
  m_PrefabInstance: {fileID: 0}
  m_PrefabAsset: {fileID: 0}
  m_GameObject: {fileID: 2202370061450165703}
  m_Material: {fileID: 0}
  m_IsTrigger: 0
  m_Enabled: 1
  serializedVersion: 2
  m_Size: {x: 0.016, y: 0.016000003, z: 0.016}
  m_Center: {x: 0, y: 0, z: 0}
--- !u!65 &2503255818933443120
BoxCollider:
  m_ObjectHideFlags: 0
  m_CorrespondingSourceObject: {fileID: 0}
  m_PrefabInstance: {fileID: 0}
  m_PrefabAsset: {fileID: 0}
  m_GameObject: {fileID: 2354130202589748209}
  m_Material: {fileID: 0}
  m_IsTrigger: 0
  m_Enabled: 1
  serializedVersion: 2
  m_Size: {x: 0.016, y: 0.016000003, z: 0.016}
  m_Center: {x: 0, y: 0, z: 0}
--- !u!1 &5839905611749597932
GameObject:
  m_ObjectHideFlags: 0
  m_CorrespondingSourceObject: {fileID: 0}
  m_PrefabInstance: {fileID: 0}
  m_PrefabAsset: {fileID: 0}
  serializedVersion: 6
  m_Component:
  - component: {fileID: 1658139224676727532}
  - component: {fileID: -4428762446013462408}
  m_Layer: 8
  m_Name: Stone
  m_TagString: Untagged
  m_Icon: {fileID: 0}
  m_NavMeshLayer: 0
  m_StaticEditorFlags: 0
  m_IsActive: 1
--- !u!4 &1658139224676727532
Transform:
  m_ObjectHideFlags: 0
  m_CorrespondingSourceObject: {fileID: 0}
  m_PrefabInstance: {fileID: 0}
  m_PrefabAsset: {fileID: 0}
  m_GameObject: {fileID: 5839905611749597932}
  m_LocalRotation: {x: 0, y: 0, z: 0, w: 1}
  m_LocalPosition: {x: 0, y: 0, z: 0}
  m_LocalScale: {x: 0.625, y: 0.625, z: 0.625}
  m_Children:
  - {fileID: 2939507220140249044}
  - {fileID: 3161628500613464395}
  m_Father: {fileID: 0}
  m_RootOrder: 0
  m_LocalEulerAnglesHint: {x: 0, y: 0, z: 0}
--- !u!114 &-4428762446013462408
MonoBehaviour:
  m_ObjectHideFlags: 0
  m_CorrespondingSourceObject: {fileID: 0}
  m_PrefabInstance: {fileID: 0}
  m_PrefabAsset: {fileID: 0}
  m_GameObject: {fileID: 5839905611749597932}
  m_Enabled: 1
  m_EditorHideFlags: 0
  m_Script: {fileID: 11500000, guid: 2b9dc09ced0dcba4f9c73a9ee6f19696, type: 3}
  m_Name: 
  m_EditorClassIdentifier: 
  obstacleType: 0
--- !u!1001 &3200622426713777824
PrefabInstance:
  m_ObjectHideFlags: 0
  serializedVersion: 2
  m_Modification:
    m_TransformParent: {fileID: 1658139224676727532}
    m_Modifications:
    - target: {fileID: -8679921383154817045, guid: 191c98154a05f6a4bb6f50f79e35d814,
        type: 3}
      propertyPath: m_RootOrder
      value: 1
      objectReference: {fileID: 0}
    - target: {fileID: -8679921383154817045, guid: 191c98154a05f6a4bb6f50f79e35d814,
        type: 3}
      propertyPath: m_LocalScale.x
      value: 100
      objectReference: {fileID: 0}
    - target: {fileID: -8679921383154817045, guid: 191c98154a05f6a4bb6f50f79e35d814,
        type: 3}
      propertyPath: m_LocalScale.y
      value: 100
      objectReference: {fileID: 0}
    - target: {fileID: -8679921383154817045, guid: 191c98154a05f6a4bb6f50f79e35d814,
        type: 3}
      propertyPath: m_LocalScale.z
      value: 100
      objectReference: {fileID: 0}
    - target: {fileID: -8679921383154817045, guid: 191c98154a05f6a4bb6f50f79e35d814,
        type: 3}
      propertyPath: m_LocalPosition.x
      value: 0
      objectReference: {fileID: 0}
    - target: {fileID: -8679921383154817045, guid: 191c98154a05f6a4bb6f50f79e35d814,
        type: 3}
      propertyPath: m_LocalPosition.y
      value: 0.8
      objectReference: {fileID: 0}
    - target: {fileID: -8679921383154817045, guid: 191c98154a05f6a4bb6f50f79e35d814,
        type: 3}
      propertyPath: m_LocalPosition.z
      value: 0
      objectReference: {fileID: 0}
    - target: {fileID: -8679921383154817045, guid: 191c98154a05f6a4bb6f50f79e35d814,
        type: 3}
      propertyPath: m_LocalRotation.w
      value: 0.7071068
      objectReference: {fileID: 0}
    - target: {fileID: -8679921383154817045, guid: 191c98154a05f6a4bb6f50f79e35d814,
        type: 3}
      propertyPath: m_LocalRotation.x
      value: -0.7071068
      objectReference: {fileID: 0}
    - target: {fileID: -8679921383154817045, guid: 191c98154a05f6a4bb6f50f79e35d814,
        type: 3}
      propertyPath: m_LocalRotation.y
      value: -0
      objectReference: {fileID: 0}
    - target: {fileID: -8679921383154817045, guid: 191c98154a05f6a4bb6f50f79e35d814,
        type: 3}
      propertyPath: m_LocalRotation.z
      value: -0
      objectReference: {fileID: 0}
    - target: {fileID: -8679921383154817045, guid: 191c98154a05f6a4bb6f50f79e35d814,
        type: 3}
      propertyPath: m_LocalEulerAnglesHint.x
      value: 0
      objectReference: {fileID: 0}
    - target: {fileID: -8679921383154817045, guid: 191c98154a05f6a4bb6f50f79e35d814,
        type: 3}
      propertyPath: m_LocalEulerAnglesHint.y
      value: 0
      objectReference: {fileID: 0}
    - target: {fileID: -8679921383154817045, guid: 191c98154a05f6a4bb6f50f79e35d814,
        type: 3}
      propertyPath: m_LocalEulerAnglesHint.z
      value: 0
      objectReference: {fileID: 0}
    - target: {fileID: 919132149155446097, guid: 191c98154a05f6a4bb6f50f79e35d814,
        type: 3}
      propertyPath: m_Name
      value: PurpleStone
      objectReference: {fileID: 0}
    - target: {fileID: 919132149155446097, guid: 191c98154a05f6a4bb6f50f79e35d814,
        type: 3}
      propertyPath: m_IsActive
      value: 1
      objectReference: {fileID: 0}
    - target: {fileID: 919132149155446097, guid: 191c98154a05f6a4bb6f50f79e35d814,
        type: 3}
      propertyPath: m_StaticEditorFlags
      value: 4294967295
      objectReference: {fileID: 0}
    m_RemovedComponents: []
  m_SourcePrefab: {fileID: 100100000, guid: 191c98154a05f6a4bb6f50f79e35d814, type: 3}
--- !u!1 &2354130202589748209 stripped
GameObject:
  m_CorrespondingSourceObject: {fileID: 919132149155446097, guid: 191c98154a05f6a4bb6f50f79e35d814,
    type: 3}
  m_PrefabInstance: {fileID: 3200622426713777824}
  m_PrefabAsset: {fileID: 0}
--- !u!4 &3161628500613464395 stripped
Transform:
  m_CorrespondingSourceObject: {fileID: -8679921383154817045, guid: 191c98154a05f6a4bb6f50f79e35d814,
    type: 3}
  m_PrefabInstance: {fileID: 3200622426713777824}
  m_PrefabAsset: {fileID: 0}
--- !u!1001 &7904255984984286414
PrefabInstance:
  m_ObjectHideFlags: 0
  serializedVersion: 2
  m_Modification:
    m_TransformParent: {fileID: 1658139224676727532}
    m_Modifications:
    - target: {fileID: -4216859302048453862, guid: 45110cebe30cec1408e3f01bc0f3fab3,
        type: 3}
      propertyPath: m_RootOrder
      value: 0
      objectReference: {fileID: 0}
    - target: {fileID: -4216859302048453862, guid: 45110cebe30cec1408e3f01bc0f3fab3,
        type: 3}
      propertyPath: m_LocalScale.x
      value: 100
      objectReference: {fileID: 0}
    - target: {fileID: -4216859302048453862, guid: 45110cebe30cec1408e3f01bc0f3fab3,
        type: 3}
      propertyPath: m_LocalScale.y
      value: 100
      objectReference: {fileID: 0}
    - target: {fileID: -4216859302048453862, guid: 45110cebe30cec1408e3f01bc0f3fab3,
        type: 3}
      propertyPath: m_LocalScale.z
      value: 100
      objectReference: {fileID: 0}
    - target: {fileID: -4216859302048453862, guid: 45110cebe30cec1408e3f01bc0f3fab3,
        type: 3}
      propertyPath: m_LocalPosition.x
      value: 0
      objectReference: {fileID: 0}
    - target: {fileID: -4216859302048453862, guid: 45110cebe30cec1408e3f01bc0f3fab3,
        type: 3}
      propertyPath: m_LocalPosition.y
      value: 0.8
      objectReference: {fileID: 0}
    - target: {fileID: -4216859302048453862, guid: 45110cebe30cec1408e3f01bc0f3fab3,
        type: 3}
      propertyPath: m_LocalPosition.z
      value: 0
      objectReference: {fileID: 0}
    - target: {fileID: -4216859302048453862, guid: 45110cebe30cec1408e3f01bc0f3fab3,
        type: 3}
      propertyPath: m_LocalRotation.w
      value: 0.7071068
      objectReference: {fileID: 0}
    - target: {fileID: -4216859302048453862, guid: 45110cebe30cec1408e3f01bc0f3fab3,
        type: 3}
      propertyPath: m_LocalRotation.x
      value: -0.7071068
      objectReference: {fileID: 0}
    - target: {fileID: -4216859302048453862, guid: 45110cebe30cec1408e3f01bc0f3fab3,
        type: 3}
      propertyPath: m_LocalRotation.y
      value: -0
      objectReference: {fileID: 0}
    - target: {fileID: -4216859302048453862, guid: 45110cebe30cec1408e3f01bc0f3fab3,
        type: 3}
      propertyPath: m_LocalRotation.z
      value: -0
      objectReference: {fileID: 0}
    - target: {fileID: -4216859302048453862, guid: 45110cebe30cec1408e3f01bc0f3fab3,
        type: 3}
      propertyPath: m_LocalEulerAnglesHint.x
      value: 0
      objectReference: {fileID: 0}
    - target: {fileID: -4216859302048453862, guid: 45110cebe30cec1408e3f01bc0f3fab3,
        type: 3}
      propertyPath: m_LocalEulerAnglesHint.y
      value: 0
      objectReference: {fileID: 0}
    - target: {fileID: -4216859302048453862, guid: 45110cebe30cec1408e3f01bc0f3fab3,
        type: 3}
      propertyPath: m_LocalEulerAnglesHint.z
      value: 0
      objectReference: {fileID: 0}
    - target: {fileID: -927199367670048503, guid: 45110cebe30cec1408e3f01bc0f3fab3,
        type: 3}
      propertyPath: m_Name
      value: Stone2
      objectReference: {fileID: 0}
    - target: {fileID: -927199367670048503, guid: 45110cebe30cec1408e3f01bc0f3fab3,
        type: 3}
      propertyPath: m_IsActive
      value: 0
      objectReference: {fileID: 0}
    m_RemovedComponents: []
  m_SourcePrefab: {fileID: 100100000, guid: 45110cebe30cec1408e3f01bc0f3fab3, type: 3}
--- !u!1 &2202370061450165703 stripped
GameObject:
  m_CorrespondingSourceObject: {fileID: -927199367670048503, guid: 45110cebe30cec1408e3f01bc0f3fab3,
    type: 3}
  m_PrefabInstance: {fileID: 7904255984984286414}
  m_PrefabAsset: {fileID: 0}
--- !u!4 &2939507220140249044 stripped
Transform:
  m_CorrespondingSourceObject: {fileID: -4216859302048453862, guid: 45110cebe30cec1408e3f01bc0f3fab3,
    type: 3}
  m_PrefabInstance: {fileID: 7904255984984286414}
  m_PrefabAsset: {fileID: 0}
